@Book{ Astrom,
	title = "Computer-Controlled Systems: Theory and Design",
	author = "K.J. Astrom, and B. Wittenmark",
	year = "1997",
	edition = "3a",
	publisher = "Prentice-Hall"
}
@Book{Franklin,
	title = "Digital Control of Dynamic Systems",
	author = "Franklin, G.P., Powell, J., and Workman, M.",
	year = "1994",
	edition = "3a",
	publisher = "Addison-Wesley"
}
@Unpublished{Apontamentos,
	title = "Controlo Digital: Exerc√≠cios Resolvidos, Exemplos em Matlab/Simulink",
	author = "Nunes, U.",
	year = "2005",
}
