@Manual{ manual:example,
	title = "Example Manual Title",
	author = "B. Zacarias and G. Malaquias",
	month = oct,
	year = "2006",
	edition = "rev 0.3",
	url = "http://www.thissite.doesnot.exists.com"
}